<collection xmlns="http://www.loc.gov/MARC21/slim">
<record>
  <leader>01504nam0a22002531i 450 </leader>
  <controlfield tag="001">IT\ICCU\CNCE\024306</controlfield>
  <controlfield tag="005">20080327000000.0</controlfield>
  <datafield tag="012" ind1=" " ind2=" ">
    <subfield code="a">o-lo o-i- dodi deli (C) 1563 (A)</subfield>
    <subfield code="2">fei</subfield>
  </datafield>
  <datafield tag="100" ind1=" " ind2=" ">
    <subfield code="a">19970819d1563        0itac0103    ba</subfield>
  </datafield>
  <datafield tag="101" ind1=" " ind2=" ">
    <subfield code="a">ITA</subfield>
  </datafield>
  <datafield tag="102" ind1=" " ind2=" ">
    <subfield code="a">IT</subfield>
  </datafield>
  <datafield tag="200" ind1="1" ind2=" ">
    <subfield code="a">℗La ℗gran vittoria di monsign. di Guisa, capitan generale dell&apos;essercito catolico nel regno di Francia contra luterani; doue si vedr ̉distintamente la presa, &amp; morte de capi dell&apos;vna, &amp; l&apos;altra parte; col numero de&apos;morti dell&apos;vno, &amp; dell&apos;altro essercito; &amp; specialmente la cattura del prencipe di Cond ̈capo di detti luterani. Nuouamente stampata, &amp; diligentemente corretta</subfield>
  </datafield>
  <datafield tag="210" ind1=" " ind2=" ">
    <subfield code="a">In Milano</subfield>
    <subfield code="c">dalla stampa di Giouanbattista de Ponti</subfield>
    <subfield code="e">Stampato in Milano</subfield>
    <subfield code="h">alli 6. di genaro 1563</subfield>
  </datafield>
  <datafield tag="215" ind1=" " ind2=" ">
    <subfield code="a">\4! c.</subfield>
    <subfield code="d">4ʻ</subfield>
  </datafield>
  <datafield tag="620" ind1=" " ind2=" ">
    <subfield code="a">IT</subfield>
    <subfield code="d">Milano</subfield>
  </datafield>
  <datafield tag="712" ind1="0" ind2="0">
    <subfield code="a">Da_Ponte, Giovanni Battista</subfield>
    <subfield code="3">IT\ICCU\CNCT\000280</subfield>
    <subfield code="4">650</subfield>
  </datafield>
  <datafield tag="791" ind1="0" ind2="0">
    <subfield code="a">Ponte, Giovanni Battista da</subfield>
    <subfield code="3">IT\ICCU\CNCT\003705</subfield>
    <subfield code="z">Da_Ponte, Giovanni Battista</subfield>
  </datafield>
  <datafield tag="791" ind1="0" ind2="0">
    <subfield code="a">Pontius, Ioannes Baptista</subfield>
    <subfield code="3">IT\ICCU\CNCT\003706</subfield>
    <subfield code="z">Da_Ponte, Giovanni Battista</subfield>
  </datafield>
  <datafield tag="791" ind1="0" ind2="0">
    <subfield code="a">Pontio, Giovanni Battista</subfield>
    <subfield code="3">IT\ICCU\CNCT\004484</subfield>
    <subfield code="z">Da_Ponte, Giovanni Battista</subfield>
  </datafield>
  <datafield tag="791" ind1="0" ind2="0">
    <subfield code="a">Ponti, Giovan Battista de</subfield>
    <subfield code="3">IT\ICCU\CNCT\004485</subfield>
    <subfield code="z">Da_Ponte, Giovanni Battista</subfield>
  </datafield>
  <datafield tag="791" ind1="0" ind2="0">
    <subfield code="a">Ponzio, Giovanni Battista</subfield>
    <subfield code="3">IT\ICCU\CNCT\004486</subfield>
    <subfield code="z">Da_Ponte, Giovanni Battista</subfield>
  </datafield>
  <datafield tag="801" ind1=" " ind2="3">
    <subfield code="a">IT</subfield>
    <subfield code="b">ICCU</subfield>
    <subfield code="c">20201114</subfield>
  </datafield>
  <datafield tag="899" ind1=" " ind2=" ">
    <subfield code="a">Archivio storico civico e Biblioteca Trivulziana. Milano</subfield>
    <subfield code="1">MI0327</subfield>
    <subfield code="2">LO1 13</subfield>
  </datafield>
  <datafield tag="899" ind1=" " ind2=" ">
    <subfield code="a">Biblioteca Angelica. Roma</subfield>
    <subfield code="1">RM0290</subfield>
    <subfield code="2">RML 06</subfield>
  </datafield>
</record>
</collection>
